<record><leader>00000cas a22000007a 4500</leader><controlfield tag="001">13539482</controlfield><controlfield tag="008">860507d18721876pauwr ne      0    0eng d</controlfield><datafield ind1=" " ind2=" " tag="010"><subfield code="a">sn 86053349 </subfield></datafield><datafield ind1=" " ind2=" " tag="040"><subfield code="a">NPX</subfield><subfield code="b">eng</subfield><subfield code="c">NPX</subfield><subfield code="d">TGN</subfield><subfield code="d">OCLCQ</subfield><subfield code="d">OCLCF</subfield><subfield code="d">OCLCO</subfield><subfield code="d">OCLCA</subfield></datafield><datafield ind1="1" ind2=" " tag="029"><subfield code="a">AU@</subfield><subfield code="b">000025789215</subfield></datafield><datafield ind1=" " ind2=" " tag="042"><subfield code="a">msc</subfield></datafield><datafield ind1=" " ind2=" " tag="043"><subfield code="a">n-us-pa</subfield></datafield><datafield ind1="0" ind2="0" tag="245"><subfield code="a">Delaware County mail.</subfield></datafield><datafield ind1=" " ind2=" " tag="260"><subfield code="a">Chester, Pa. :</subfield><subfield code="b">J.T. DeSilver</subfield></datafield><datafield ind1=" " ind2=" " tag="300"><subfield code="a">v.</subfield></datafield><datafield ind1=" " ind2=" " tag="310"><subfield code="a">Weekly</subfield></datafield><datafield ind1="1" ind2=" " tag="362"><subfield code="a">Began with Nov. 27, 1872 issue; ceased in Nov. 1876.</subfield><subfield code="z">Cf. Ashmead, H.G. Historical sketch of Chester ..., 1883.</subfield></datafield><datafield ind1=" " ind2=" " tag="500"><subfield code="a">Editor: E.T. Gammage, &lt;1876&gt;.</subfield></datafield><datafield ind1=" " ind2=" " tag="580"><subfield code="a">Continues: Chester pilot. Cf. Martin, J.H. Chester and its vicinity ..., 1877.</subfield></datafield><datafield ind1=" " ind2=" " tag="588"><subfield code="a">Description based on: Vol. 8, no. 52 (June 29, 1876).</subfield></datafield><datafield ind1=" " ind2="0" tag="651"><subfield code="a">Chester (Pa.)</subfield><subfield code="v">Newspapers.</subfield></datafield><datafield ind1=" " ind2="0" tag="651"><subfield code="a">Delaware County (Pa.)</subfield><subfield code="v">Newspapers.</subfield></datafield><datafield ind1=" " ind2="7" tag="655"><subfield code="a">Newspapers.</subfield><subfield code="2">fast</subfield><subfield code="0">(OCoLC)fst01423814</subfield></datafield><datafield ind1=" " ind2="7" tag="651"><subfield code="a">Pennsylvania</subfield><subfield code="z">Chester.</subfield><subfield code="2">fast</subfield><subfield code="0">(OCoLC)fst01215693</subfield></datafield><datafield ind1=" " ind2="7" tag="651"><subfield code="a">Pennsylvania</subfield><subfield code="z">Delaware County.</subfield><subfield code="2">fast</subfield><subfield code="0">(OCoLC)fst01202932</subfield></datafield><datafield ind1=" " ind2=" " tag="752"><subfield code="a">United States</subfield><subfield code="b">Pennsylvania</subfield><subfield code="c">Delaware</subfield><subfield code="d">Chester.</subfield></datafield><datafield ind1="1" ind2="0" tag="780"><subfield code="t">Chester pilot</subfield></datafield><datafield ind1="0" ind2="7" tag="785"><subfield code="t">Delaware County paper</subfield></datafield><datafield ind1="0" ind2="7" tag="785"><subfield code="t">Delaware County paper and mail</subfield></datafield></record>